
@INPROCEEDINGS {Tomanek2007a,
  title = {A Reappraisal of Sentence and Token Splitting for Life Science Documents},
  author = {Tomanek, Katrin and Wermter, Joachim and Hahn, Udo},
  booktitle = {{MEDINFO 2007} -- Proceedings of the 12th World Congress on Me dical Informatics.},
  year = {2007},
}

@INPROCEEDINGS {Ohta2002,
  title = {The {{\sc Genia}} corpus: An annotated research abstract corpu s in molecular biology domain},
  author = {Ohta, Tomoko and Tateisi, Yuka and Kim, Jin-Dong},
  editor = {Marcus, M. },
  booktitle = {HLT 2002 -- Human Language Technology Conference. Proceedings of the 2nd International Conference on Human Language Technology Research},
  year = {2002},
  pages = {82--86},
  publisher = {San Diego, Cal., USA, March 24-27, 2002. San Francisco, CA: Mo rgan Kaufmann},
owner={tomanek},
timestamp={2007.01.01},
}

@UNPUBLISHED {McCallum2002,
  title = {MALLET: A Machine Learning for Language Toolkit},
  author = {McCallum, Andrew},
  year = {2002},
  note = {http://mallet.cs.umass.edu},
  keywords = {MachineLearning},
owner={tomanek},
timestamp={2007.01.01},
}

@INPROCEEDINGS {Culotta2004,
  title = {Confidence Estimation for Information Extraction},
  author = {Culotta, Aron and McCallum, Andrew},
  editor = {Susan Dumais, Daniel Marcu and Roukos, Salim},
  booktitle = {HLT-NAACL 2004: Short Papers},
  year = {2004},
  pages = {109--112},
  publisher = {Association for Computational Linguistics},
  address = {Boston, Massachusetts, USA},
}

@INPROCEEDINGS {Lafferty2001,
  title = {Conditional Random Fields: Probabilistic Models for Segmenting and Labeling Sequence Data},
  author = {Lafferty, John D.  and McCallum, Andrew and Pereira, Fernando},
  booktitle = {ICML '01: Proceedings of the Eighteenth International Conference on Machine Learning},
  year = {2001},
  pages = {282--289},
  publisher = {Morgan Kaufmann Publishers Inc.},
  address = {San Francisco, CA, USA},
  keywords = {MachineLearning},
owner={tomanek},
pdf={MachineLearning/Lafferty2001.pdf},
timestamp={2007.01.01},
}

@INPROCEEDINGS {Settles2004,
  title = {Biomedical Named Entity Recognition using Conditional Random Fields and Rich Feature Sets},
  author = {Settles, Burr},
  editor = {Collier, Nigel and Ruch, Patrick and Nazarenko, Adeline},
  booktitle = {COLING 2004 International Joint workshop on Natural Language Processing in Biomedicine and its Applications (NLPBA/BioNLP) 2004},
  year = {2004},
  pages = {107--110},
  publisher = {COLING},
  address = {Geneva, Switzerland},
  keywords = {EntityRecognition},
owner={tomanek},
pdf={EntityTagging/Settles2004.pdf},
timestamp={2007.01.01},
}
