@UNPUBLISHED {McCallum2002,
  title = {MALLET: A Machine Learning for Language Toolkit},
  author = {McCallum, Andrew},
  year = {2002},
  note = {http://mallet.cs.umass.edu},
  keywords = {MachineLearning},
owner={tomanek},
timestamp={2007.01.01},
}

@inproceedings { wermter.lrec04,
	booktitle = {LREC 2004---Proceedings of the 4th International Conference on Language Resources and Evaluation},
	pages = {473--476},
	volume = {2},	
	title = {An annotated {G}erman-language medical text corpus as language resource},
	year = {2004},
	author = {Wermter, Joachim and Hahn, Udo}
}

@techreport {stts,
	institution = {Inst.\ f\"{u}r masch.\ Sprachverarbeitung, U.\ Stuttgart; Seminar f\"{u}r Sprachwissenschaft, U.\ T\"{u}bingen},
	title = {{Guidelines f\"{u}r das Tagging deutscher Textcorpora mit STTS (Kleines und gro{\ss}es Tagset)}},
	year = {1999},
	author = {Schiller, Anne and Teufel, Simone and St\"{o}ckert, Christine and Thielen, Christine}
}

@inproceedings { hellrich15,
	booktitle = {Digital Healthcare Empowering Europeans},
	pages = {734--738},
	series = {Studies in Health Technology and Informatics, 210},	
	title = {Sharing Models and Tools for Processing German Clinical Text \[= Proceedings of MIE2015\]},
	year = {2015},
	author = {Hellrich, Johannes and Matthies, Franz and Faessler, Erik and Hahn, Udo}
}