
@INPROCEEDINGS {tomanek2007a,
  title = {A Reappraisal of Sentence and Token Splitting for Life Science Documents},
  author = {Tomanek, Katrin and Wermter, Joachim and Hahn, Udo},
  booktitle = {{MEDINFO 2007} -- Proceedings of the 12th World Congress on Me dical Informatics.},
  year = {2007},
}

@INPROCEEDINGS {ohta2002,
  title = {The {{\sc Genia}} corpus: An annotated research abstract corpu s in molecular biology domain},
  author = {Ohta, Tomoko and Tateisi, Yuka and Kim, Jin-Dong},
  editor = {Marcus, M. },
  booktitle = {HLT 2002 -- Human Language Technology Conference. Proceedings of the 2nd International Conference on Human Language Technology Research},
  year = {2002},
  pages = {82--86},
  publisher = {San Diego, Cal., USA, March 24-27, 2002. San Francisco, CA: Mo rgan Kaufmann},
owner={tomanek},
timestamp={2007.01.01},
}

@UNPUBLISHED {mccallum2002,
  title = {MALLET: A Machine Learning for Language Toolkit},
  author = {McCallum, Andrew},
  year = {2002},
  note = {http://mallet.cs.umass.edu},
  keywords = {MachineLearning},
owner={tomanek},
timestamp={2007.01.01},
}

@inproceedings {lafferty01,
  address = {San Francisco, CA, USA},
  booktitle = {ICML '01: Proceedings of the Eighteenth International Conference on Machine Learning},
  pages = {282--289},
  publisher = {Morgan Kaufmann Publishers},
  title = {Conditional Random Fields: Probabilistic Models for Segmenting and Labeling Sequence Data},
  year = {2001},
  author = {Lafferty, John D. and McCallum, Andrew and Pereira, Fernando C. N.}
}

