
@INPROCEEDINGS {Tomanek2007a,
  title = {A Reappraisal of Sentence and Token Splitting for Life Science Documents},
  author = {Tomanek, Katrin and Wermter, Joachim and Hahn, Udo},
  booktitle = {{MEDINFO 2007} -- Proceedings of the 12th World Congress on Me dical Informatics.},
  year = {2007},
}

@INPROCEEDINGS {Ohta2002,
  title = {The {{\sc Genia}} corpus: An annotated research abstract corpu s in molecular biology domain},
  author = {Ohta, Tomoko and Tateisi, Yuka and Kim, Jin-Dong},
  editor = {Marcus, M. },
  booktitle = {HLT 2002 -- Human Language Technology Conference. Proceedings of the 2nd International Conference on Human Language Technology Research},
  year = {2002},
  pages = {82--86},
  publisher = {San Diego, Cal., USA, March 24-27, 2002. San Francisco, CA: Mo rgan Kaufmann},
owner={tomanek},
timestamp={2007.01.01},
}

@UNPUBLISHED {McCallum2002,
  title = {MALLET: A Machine Learning for Language Toolkit},
  author = {McCallum, Andrew},
  year = {2002},
  note = {http://mallet.cs.umass.edu},
  keywords = {MachineLearning},
owner={tomanek},
timestamp={2007.01.01},
}
